@MISC{Copernicus_Climate_Change_Service2021-vo,
  title     = "{CMIP6} predictions underpinning the {C3S} decadal prediction
               prototypes",
  author    = "{Copernicus Climate Change Service}",
  publisher = "ECMWF",
  year      =  2021,
  url       =  {https://cds.climate.copernicus.eu/datasets/projections-cmip6?tab=overview}
}

@MISC{ipcc,
  author = "IPCC",
  title= "Intergovernmental Panel on Climate Change",
  url={https://www.ipcc.ch/},
  journal={Ipcc.ch},
  publisher={IPCC},
  year={2019} 
}

@misc{cmip6_ca,
  author={{Government of Canada}},
  title= {{CMIP6} and Shared Socio-economic Pathways overview},
  url={https://climate-scenarios.canada.ca/?page=cmip6-overview-notes},
  journal={Canada.ca},
  year={2016} }

‌

‌